@inbook{Omerovic2023,
  author    = {Omerovic, S. and Jain, A.},
  title     = {Echocardiogram},
  year      = {2025},
  booktitle = {StatPearls [Internet]},
  publisher = {StatPearls Publishing},
  address   = {Treasure Island (FL)},
  edition   = {Updated 2023 Jul 24},
  url       = {https://www.ncbi.nlm.nih.gov/books/NBK558940/}
}

@book{RealTimeRendering,
  author    = {Tomas Akenine-M{\"o}ller and Eric Haines and Naty Hoffman},
  title     = {Real-Time Rendering},
  publisher = {CRC Press},
  year      = {2019},
  edition   = {4},
  isbn      = {9781315362007},
  note      = {[Originally published in 2008]}
}

@misc{PipelineSVG,
  author    = {PaterMcFly},
  title     = {Vierge Marie},
  year      = {},
  howpublished = {Wikimedia Commons, CC0},
  url       = {https://commons.wikimedia.org/wiki/File:Graphics_pipeline_2_en.svg},
  note      = {Accessed: 25.03.2025}
}

@book{Szeliski2022,
  author    = {Richard Szeliski},
  title     = {Computer Vision: Algorithms and Applications},
  edition   = {2nd},
  year      = {2022},
  publisher = {Springer},
  address   = {Cham, Switzerland},
  doi       = {10.1007/978-3-030-34370-0}
}

@misc{learnopengl_figure,
  author    = {Joey de Vries},
  title     = {Figure from LearnOpenGL: [Vertex transforms]},
  year      = {2025},
  howpublished = {Online},
  url       = {https://learnopengl.com/Specific-Page},
  note      = {Licensed under CC BY-NC 4.0. Accessed: 28-Mar-2025}
}